@Comment An academic article
@Article{Ansc73Grap,
  author       = {F. J. Anscombe},
  title        = {Graphs in Statistical Analysis},
  journal      = {The American Statistician},
  year         = 1973,
  volume       = 27,
  pages        = {17-21},
  url          = {http://www.jstor.org/stable/2682899}
}


@Comment A website link to HESA, the data providers 
@misc{HESA_Intro,
    title = {Introduction to data on {HE} students},
    note = {\url{https://www.hesa.ac.uk/data-and-analysis/students/introduction}}   
}

@misc{CreativeCommons,
title = {Attribution 4.0 International (CC BY 4.0)},
note= {"You are free to share and adapt"}
}

@Comment A website link to definition of UKPRN 
@misc{UKPRN,
    title = {{UKPRN}},
    note = {\url{https://www.hesa.ac.uk/collection/c19041/a/ukprn}}   
}

@misc{UKPRN_Data_1,
    title = {{UKPRN} data report on {HE} qualifies by providers},
    note ={\url{https://www.hesa.ac.uk/data-and-analysis/students/table-16}}
    }

@Comment BBC news report on slowed down grade inflation
@article{BBC_grade_inflation,
    author     = {S. Coughlan},
    title      = {'{G}rade inflation' in top degree grades stopping},
    journal    = {BBC News},
    year       = 2020,
    note       = {\url{https://www.bbc.co.uk/news/education-51136349}}
}

@Comment 2003 HESA report on percentage of degree classification by gender
@article{HESA_2003,
    author     = {Higher Education Statistics Agency},
    title      = {{W}omen gain more first and upper second class first degrees than men},
    journal    = {Higher Education Statistics Agency},
    year       = 2003,
    note       = {\url{https://www.hesa.ac.uk/news/08-04-2003/qualifications-achieved}}
}

@Comment 2020 Guardian news article on proportion of first-class by Sally Weale
@article{Weale_2020,
    author     = {S. Weale},
    title      = {{P}roportion of students in {E}ngland awarded first-class degrees soars},
    journal    = {The Guardian},
    year       = {2020},
    note       = {\url{https://www.theguardian.com/education/2020/nov/19/students-england-awarded-first-class-degrees-grade-inflation}}
}

@Comment 2019 BBC news on grade inflation
@article{Coughlan_2019,
    author     = {S. Coughlan},
    title      = {https://www.bbc.co.uk/news/education-48951653},
    journal    = {BBC News},
    year       = {2019},
    note       = {\url{https://www.bbc.co.uk/news/education-48951653}}
}

@Comment 2020 OfS report on degree classifications over time
@online{OfS_2020,
    author     = "Office for Students",
    title      = "Analysis of degree classifications over time - changes in graduate attainment from 2010-11 to 2018-19",
    note        = {\url{https://www.officeforstudents.org.uk/media/55b365fd-2d77-46c0-a8ad-45304047a0be/analysis-of-degree-outcomes-over-time-2020.pdf}}
}

@Comment About HESA 
@article{Imperial_HESA,
    author     = {Imperial College London},
    title      = {{A}bout {HESA} and the use of your data},
    journal    = {Imperial College London},
    year       = {no date},
    note       = {\url{https://www.imperial.ac.uk/admin-services/secretariat/information-governance/data-protection/hesa/}}
}

@Comment Research paper on grade inflation in UK HE by Bachan.
@article{Bachan_2015,
    author     = {R. Bachan},
    title      = {{G}rade inflation in {UK} higher education},
    journal    = {Studies in Higher Education},
    year       = {2015},
    note       = {\url{http://dx.doi.org/10.1080/03075079.2015.1019450}}
}

@article{HESA_UG_degree_results_2020,
    author     = {Higher Education Statistics Agency},
    title      = {{U}ndergraduate degree results},
    journal    = {Ethnicity facts and figures GOV.UK},
    year       = {2020},
    note       = {\url{https://www.ethnicity-facts-figures.service.gov.uk/education-skills-and-training/higher-education/undergraduate-degree-results/latest}}
}

@Comment 2021 Guardian article on record student of UK students gaining first class degrees in 2020.
@article{Guardian_2020_grade_inflation,
    author     = {S. Weale},
    title      = {{R}ecord one in three UK students gained first-class degree in 2020},
    journal    = {The Guardian},
    year       = {2021},
    note       = {\url{https://www.theguardian.com/education/2021/jan/27/record-one-in-three-uk-students-first-class-degree-2020}}
}

@article{UOE_Covid_assessment_policy,
    author     = {C. Harmon},
    title      = {{C}oronavirus ({C}ovid-19): exams and assessments update},
    journal    = {The University of Edinburgh},
    year       = {2020},
    note       = {\url{https://www.ed.ac.uk/files/atoms/files/coronavirus_update_-_exams_and_assessments_-_26_march_20.pdf}}
}

@article{BAME_attainment_gap,
    author     = {Universities UK},
    title      = {{BAME} attainment gap},
    journal    = {Universities UK},
    year       = {2019},
    note       = {\url{https://universitiesuk.ac.uk/policy-and-analysis/reports/Documents/2019/bame-student-attainment-uk-universities-closing-the-gap.pdf}}
}

@article{NCBI_Odds_ratio,
    author    = {Magdalena Szumilas},
    title     = {{E}xplaining {O}dds {R}atios},
    journal   = {PubMed Central},
    year      = {2010},
    note      = {\url{https://www.ncbi.nlm.nih.gov/pmc/articles/PMC2938757/}} 
}

@article{end_inflation,
    author     = {D. Hinds},
    title      = {{U}niversities told to end grade inflation},
    journal    = {GOV.UK},
    year       = {2019},
    note       = {\url{https://www.gov.uk/government/news/universities-told-to-end-grade-inflation}}
}